<marcxml:record xmlns:marcxml="http://www.loc.gov/MARC21/slim" xmlns:idx="info:lc/xq-modules/lcindex" xmlns:madsrdf="http://www.loc.gov/mads/rdf/v1#" xmlns:ri="http://id.loc.gov/ontologies/RecordInfo#" xmlns:xlink="http://www.w3.org/1999/xlink" xmlns:rdf="http://www.w3.org/1999/02/22-rdf-syntax-ns#" xmlns:mets="http://www.loc.gov/METS/" xmlns:semtriples="http://marklogic.com/semantic" xmlns:xsi="http://www.w3.org/2001/XMLSchema-instance" xmlns:streams="info:lc/streams#">
            <marcxml:leader>01463nz  a2200241n  4500</marcxml:leader>
            <marcxml:controlfield tag="001">sh2016000258</marcxml:controlfield>
            <marcxml:controlfield tag="003">DLC</marcxml:controlfield>
            <marcxml:controlfield tag="005">20160511054220.0</marcxml:controlfield>
            <marcxml:controlfield tag="008">160203|| anannbabn          |a ana      </marcxml:controlfield>
            <marcxml:datafield tag="010" ind1=" " ind2=" ">
              <marcxml:subfield code="a">sh2016000258</marcxml:subfield>
            </marcxml:datafield>
            <marcxml:datafield tag="040" ind1=" " ind2=" ">
              <marcxml:subfield code="a">DLC</marcxml:subfield>
              <marcxml:subfield code="b">eng</marcxml:subfield>
              <marcxml:subfield code="c">DLC</marcxml:subfield>
            </marcxml:datafield>
            <marcxml:datafield tag="151" ind1=" " ind2=" ">
              <marcxml:subfield code="a">Ponte di Augusto (Narni, Italy)</marcxml:subfield>
            </marcxml:datafield>
            <marcxml:datafield tag="451" ind1=" " ind2=" ">
              <marcxml:subfield code="a">Augusto, Ponte di (Narni, Italy)</marcxml:subfield>
            </marcxml:datafield>
            <marcxml:datafield tag="451" ind1=" " ind2=" ">
              <marcxml:subfield code="a">Augustus, Bridge of (Narni, Italy)</marcxml:subfield>
            </marcxml:datafield>
            <marcxml:datafield tag="451" ind1=" " ind2=" ">
              <marcxml:subfield code="a">Bridge of Augustus (Narni, Italy)</marcxml:subfield>
            </marcxml:datafield>
            <marcxml:datafield tag="451" ind1=" " ind2=" ">
              <marcxml:subfield code="a">Ponte d'Augusto (Narni, Italy)</marcxml:subfield>
            </marcxml:datafield>
            <marcxml:datafield tag="451" ind1=" " ind2=" ">
              <marcxml:subfield code="a">Ponte rotto di Augusto (Narni, Italy)</marcxml:subfield>
            </marcxml:datafield>
            <marcxml:datafield tag="550" ind1=" " ind2=" ">
              <marcxml:subfield code="w">g</marcxml:subfield>
              <marcxml:subfield code="a">Bridges</marcxml:subfield>
              <marcxml:subfield code="z">Italy</marcxml:subfield>
            </marcxml:datafield>
            <marcxml:datafield tag="551" ind1=" " ind2=" ">
              <marcxml:subfield code="w">g</marcxml:subfield>
              <marcxml:subfield code="a">Italy</marcxml:subfield>
              <marcxml:subfield code="x">Antiquities</marcxml:subfield>
            </marcxml:datafield>
            <marcxml:datafield tag="667" ind1=" " ind2=" ">
              <marcxml:subfield code="a">This heading is not valid for use as a geographic subdivision.</marcxml:subfield>
            </marcxml:datafield>
            <marcxml:datafield tag="670" ind1=" " ind2=" ">
              <marcxml:subfield code="a">Work cat: 2015518404: Il ponte di Augusto a Narni, 2015:</marcxml:subfield>
              <marcxml:subfield code="b">t.p. (Ponte di Augusto a Narni) p. 13 (Ponte rotto di Augusto [translation: "broken bridge of Augustus"], on the Nera River, a masterpiece of Roman architecture from 27 B.C.; visible from the via Flaminia) p. 33 (Bridge of Augustus) p. 106 (Ponte d'Augusto)</marcxml:subfield>
            </marcxml:datafield>
            <marcxml:datafield tag="670" ind1=" " ind2=" ">
              <marcxml:subfield code="a">Guida d'Italia del T.C.I. Umbria, 1978:</marcxml:subfield>
              <marcxml:subfield code="b">p. 437 (under Narni: Ponte d'Augusto; probably from the Augustan Age; "grande e magnifico," 160 meters long and 30 meters high, spanning the Nera River; damaged by natural causes and war, and restored numerous times; made of travertine blocks, the bridge originally consisted of 4 arches, only one of which remains)</marcxml:subfield>
            </marcxml:datafield>
            <marcxml:datafield tag="670" ind1=" " ind2=" ">
              <marcxml:subfield code="a">Nagel's Italy, 1987:</marcxml:subfield>
              <marcxml:subfield code="b">(to the N. of Narni is a Roman bridge of the Augustan period)</marcxml:subfield>
            </marcxml:datafield>
          </marcxml:record>
